@online{crouwel,
  author  = {Benthem Crouwel Architects},
  title   = {LAB42 - Project case study},
  year    = 2022,
  url     = {https://www.benthemcrouwel.com/projects/lab42},
  urldate = {2024-02-27},
  note    = {\emph{Last accessed: 2024-02-27}}
}

@online{faculty,
  author  = {UvA},
  title   = {LAB42 - Science Park description},
  year    = 2022,
  url     = {https://campus.uva.nl/en/science-park/lab42/building-lab42.html#Facilities-and-sustainability},
  urldate = {2024-02-27},
  note    = {\emph{Last accessed: 2024-02-27}}
}